<collection xmlns="http://www.loc.gov/MARC21/slim">
<record>
  <leader>01129nam0a22002531i 450 </leader>
  <controlfield tag="001">IT\ICCU\CNCE\038127</controlfield>
  <controlfield tag="005">19981026000000.0</controlfield>
  <datafield tag="100" ind1=" " ind2=" ">
    <subfield code="a">19981026d1552        0itac0103    ba</subfield>
  </datafield>
  <datafield tag="101" ind1=" " ind2=" ">
    <subfield code="a">LAT</subfield>
  </datafield>
  <datafield tag="102" ind1=" " ind2=" ">
    <subfield code="a">IT</subfield>
  </datafield>
  <datafield tag="200" ind1="1" ind2=" ">
    <subfield code="a">T$CF$n antikeimen$CF$n, id est Contrapositorum, siue vt apertius et planius dicatur, contrariorum in speciem utriusque Testamenti locorum ... reperti</subfield>
  </datafield>
  <datafield tag="210" ind1=" " ind2=" ">
    <subfield code="a">Venetijs</subfield>
    <subfield code="c">ad signum Spei</subfield>
    <subfield code="d">1552</subfield>
  </datafield>
  <datafield tag="215" ind1=" " ind2=" ">
    <subfield code="a">\84! c.</subfield>
    <subfield code="d">8ʻ</subfield>
  </datafield>
  <datafield tag="300" ind1=" " ind2=" ">
    <subfield code="a">IDENTICA ALLA 33147</subfield>
  </datafield>
  <datafield tag="620" ind1=" " ind2=" ">
    <subfield code="a">IT</subfield>
    <subfield code="d">Venezia</subfield>
  </datafield>
  <datafield tag="700" ind1=" " ind2="1">
    <subfield code="a">De_Grassis,</subfield>
    <subfield code="b">Padovano</subfield>
    <subfield code="3">IT\ICCU\CNCA\004675</subfield>
  </datafield>
  <datafield tag="712" ind1="0" ind2="2">
    <subfield code="a">℗al segno della ℗Speranza</subfield>
    <subfield code="3">IT\ICCU\CNCT\000116</subfield>
    <subfield code="4">650</subfield>
  </datafield>
  <datafield tag="790" ind1=" " ind2="1">
    <subfield code="a">Grassis,</subfield>
    <subfield code="b">Padovano : de</subfield>
    <subfield code="3">IT\ICCU\CNCA\004676</subfield>
    <subfield code="z">De_Grassis, Padovano</subfield>
  </datafield>
  <datafield tag="790" ind1=" " ind2="1">
    <subfield code="a">Crasso,</subfield>
    <subfield code="b">Padovano</subfield>
    <subfield code="3">IT\ICCU\CNCA\004677</subfield>
    <subfield code="z">De_Grassis, Padovano</subfield>
  </datafield>
  <datafield tag="790" ind1=" " ind2="1">
    <subfield code="a">Barletta,</subfield>
    <subfield code="b">Paduanus</subfield>
    <subfield code="3">IT\ICCU\CNCA\004678</subfield>
    <subfield code="z">De_Grassis, Padovano</subfield>
  </datafield>
  <datafield tag="790" ind1=" " ind2="1">
    <subfield code="a">Grassus,</subfield>
    <subfield code="b">Paduanus</subfield>
    <subfield code="3">IT\ICCU\CNCA\015165</subfield>
    <subfield code="z">De_Grassis, Padovano</subfield>
  </datafield>
  <datafield tag="791" ind1="0" ind2="2">
    <subfield code="a">℗ad signum ℗Spei</subfield>
    <subfield code="3">IT\ICCU\CNCT\002890</subfield>
    <subfield code="z">℗al segno della ℗Speranza</subfield>
  </datafield>
  <datafield tag="801" ind1=" " ind2="3">
    <subfield code="a">IT</subfield>
    <subfield code="b">ICCU</subfield>
    <subfield code="c">20201114</subfield>
  </datafield>
  <datafield tag="899" ind1=" " ind2=" ">
    <subfield code="a">Biblioteca comunale Pietro Siciliani. Galatina</subfield>
    <subfield code="1">LE0209</subfield>
    <subfield code="2">LEK SF</subfield>
  </datafield>
</record>
</collection>
